% This file was created with JabRef 2.10.
% Encoding: UTF8

@Article{GlyzinSD_1,
  Title                    = {Диффузионный хаос в задаче "<реакция–диффузия"> c гантелеобразной областью определения пространственной переменной},
  Author                   = {Глызин С. Д., Шокин П. Л.},
  Journal                  = {Моделирование и анализ информационных систем},
  Year                     = {2013},

  Number                   = {3},
  Pages                    = {43--57},
  Volume                   = {20}
}

@Article{GlyzinSD_2,
  Title                    = {Размерностные характеристики диффузионного хаоса},
  Author                   = {Глызин, С. Д.},
  Journal                  = {Моделирование и анализ информационных систем},
  Year                     = {2013},

  Number                   = {1},
  Pages                    = {30--51},
  Volume                   = {20}
}

@Article{GlyzinSD_3,
  Title                    = {Dimensional characteristics of diffusion chaos},
  Author                   = {Glyzin, S. D.},
  Journal                  = {Automatic Control and Computer Sciences},
  Year                     = {2013},

  Pages                    = {452--469},
  Volume                   = {47}
}

@Article{GlyzinSD_4,
  Title                    = {Finite-dimensional models of diffusion chaos},
  Author                   = {Glyzin S. D., Kolesov A. Yu., Rozov N. Kh.},
  Journal                  = {Computational Mathematics and Mathematical Physics},
  Year                     = {2010},

  Pages                    = {816--830},
  Volume                   = {50}
}

@Article{Thomas,
  Title                    = {Numerical Partial Differential Equations: Finite Difference Methods},
  Author                   = {Thomas, J. W.},
  Journal                  = {Texts in Applied Mathematics},
  Year                     = {1995},

  Number                   = {1},
  Pages                    = {426},
  Volume                   = {22}
}

@Article{CUDA,
  Title                    = {Основы работы с технологией CUDA},
  Author                   = {Боресков А. В., Харламов А. А.},
  Journal                  = {ДМК Пресс},
  Year                     = {2010},

  Pages                    = {232}
}

@Article{OpenMP,
  Title                    = {Параллельное программирование с использованием OpenMP},
  Author                   = {Антонов, А. С.},
  Journal                  = {Изд-во МГУ},
  Year                     = {2009},

  Pages                    = {77}
}

@Article{MPI,
  Title                    = {MPI implementation of parallel subdomain methods for linear and nonlinear convection-diffusion problems},
  Author                   = {Chau, M. and El Baz, D. and Guivarch, R. and Spiteri, P.},
  Journal                  = {Journal of Parallel and Distributed Computing},
  Year                     = {2007},

  Number                   = {5},
  Pages                    = {581--591},
  Volume                   = {67},
  Source={Scopus}
}

@Article{MPI_CUDA,
  Title                    = {A hybrid iterative method based on MPI and CUDA for steady-state solutions of markov chains},
  Author                   = {Chou, Y. C. and Liao, W. C.},
  Journal                  = {Lecture Notes in Electrical Engineering},
  Year                     = {2014},

  Pages                    = {1055--1062},
  Volume                   = {293},
  Source={Scopus}
}

@Conference{OpenMP_MPI,
  Title                    = {Hybrid MPI/OpenMP/OpenACC implementations for the solution of convection-diffusion equations with the HOPMOC method},
  Author                   = {Cabral, F.L. and Osthoff, C. and Kischinhevsky, M. and Brandão, D.},
  Journal                  = {Proceedings - 14th International Conference on Computational Science and Its Applications, ICCSA 2014},
  Year                     = {2014},

  Pages                    = {196--199},
  Source={Scopus}
}
